[gd_scene load_steps=77 format=2]

[ext_resource path="res://scenes/Player.gd" type="Script" id=1]
[ext_resource path="res://assets/images/shadow.png" type="Texture" id=2]
[ext_resource path="res://scenes/DustCloud.tscn" type="PackedScene" id=3]
[ext_resource path="res://assets/spritesheets/walk_up/up-104.png" type="Texture" id=4]
[ext_resource path="res://assets/spritesheets/walk_up/up-105.png" type="Texture" id=5]
[ext_resource path="res://assets/spritesheets/walk_up/up-106.png" type="Texture" id=6]
[ext_resource path="res://assets/spritesheets/walk_up/up-107.png" type="Texture" id=7]
[ext_resource path="res://assets/spritesheets/walk_up/up-108.png" type="Texture" id=8]
[ext_resource path="res://assets/spritesheets/walk_up/up-109.png" type="Texture" id=9]
[ext_resource path="res://assets/spritesheets/walk_up/up-110.png" type="Texture" id=10]
[ext_resource path="res://assets/spritesheets/walk_up/up-111.png" type="Texture" id=11]
[ext_resource path="res://assets/spritesheets/walk_up/up-112.png" type="Texture" id=12]
[ext_resource path="res://assets/spritesheets/walk_right/walk_right-143.png" type="Texture" id=13]
[ext_resource path="res://assets/spritesheets/walk_right/walk_right-144.png" type="Texture" id=14]
[ext_resource path="res://assets/spritesheets/walk_right/walk_right-145.png" type="Texture" id=15]
[ext_resource path="res://assets/spritesheets/walk_right/walk_right-146.png" type="Texture" id=16]
[ext_resource path="res://assets/spritesheets/walk_right/walk_right-147.png" type="Texture" id=17]
[ext_resource path="res://assets/spritesheets/walk_right/walk_right-148.png" type="Texture" id=18]
[ext_resource path="res://assets/spritesheets/walk_right/walk_right-149.png" type="Texture" id=19]
[ext_resource path="res://assets/spritesheets/walk_right/walk_right-150.png" type="Texture" id=20]
[ext_resource path="res://assets/spritesheets/walk_right/walk_right-151.png" type="Texture" id=21]
[ext_resource path="res://assets/spritesheets/idle_up/idle_up-0.png" type="Texture" id=22]
[ext_resource path="res://assets/spritesheets/idle_up/idle_up-1.png" type="Texture" id=23]
[ext_resource path="res://assets/spritesheets/idle_up/idle_up-2.png" type="Texture" id=24]
[ext_resource path="res://assets/spritesheets/idle_up/idle_up-3.png" type="Texture" id=25]
[ext_resource path="res://assets/spritesheets/idle_up/idle_up-4.png" type="Texture" id=26]
[ext_resource path="res://assets/spritesheets/idle_up/idle_up-5.png" type="Texture" id=27]
[ext_resource path="res://assets/spritesheets/idle_up/idle_up-6.png" type="Texture" id=28]
[ext_resource path="res://assets/spritesheets/walk_left/walk_left-117.png" type="Texture" id=29]
[ext_resource path="res://assets/spritesheets/walk_left/walk_left-118.png" type="Texture" id=30]
[ext_resource path="res://assets/spritesheets/walk_left/walk_left-119.png" type="Texture" id=31]
[ext_resource path="res://assets/spritesheets/walk_left/walk_left-120.png" type="Texture" id=32]
[ext_resource path="res://assets/spritesheets/walk_left/walk_left-121.png" type="Texture" id=33]
[ext_resource path="res://assets/spritesheets/walk_left/walk_left-122.png" type="Texture" id=34]
[ext_resource path="res://assets/spritesheets/walk_left/walk_left-123.png" type="Texture" id=35]
[ext_resource path="res://assets/spritesheets/walk_left/walk_left-124.png" type="Texture" id=36]
[ext_resource path="res://assets/spritesheets/walk_left/walk_left-125.png" type="Texture" id=37]
[ext_resource path="res://assets/spritesheets/idle_down/idle_down-26.png" type="Texture" id=38]
[ext_resource path="res://assets/spritesheets/idle_down/idle_down-27.png" type="Texture" id=39]
[ext_resource path="res://assets/spritesheets/idle_down/idle_down-28.png" type="Texture" id=40]
[ext_resource path="res://assets/spritesheets/idle_down/idle_down-29.png" type="Texture" id=41]
[ext_resource path="res://assets/spritesheets/idle_down/idle_down-30.png" type="Texture" id=42]
[ext_resource path="res://assets/spritesheets/idle_down/idle_down-31.png" type="Texture" id=43]
[ext_resource path="res://assets/spritesheets/idle_down/idle_down-32.png" type="Texture" id=44]
[ext_resource path="res://assets/spritesheets/idle_left/idle_left-13.png" type="Texture" id=45]
[ext_resource path="res://assets/spritesheets/idle_left/idle_left-14.png" type="Texture" id=46]
[ext_resource path="res://assets/spritesheets/idle_left/idle_left-15.png" type="Texture" id=47]
[ext_resource path="res://assets/spritesheets/idle_left/idle_left-16.png" type="Texture" id=48]
[ext_resource path="res://assets/spritesheets/idle_left/idle_left-17.png" type="Texture" id=49]
[ext_resource path="res://assets/spritesheets/idle_left/idle_left-18.png" type="Texture" id=50]
[ext_resource path="res://assets/spritesheets/idle_left/idle_left-19.png" type="Texture" id=51]
[ext_resource path="res://assets/spritesheets/walk_down/walk_down-130.png" type="Texture" id=52]
[ext_resource path="res://assets/spritesheets/walk_down/walk_down-131.png" type="Texture" id=53]
[ext_resource path="res://assets/spritesheets/walk_down/walk_down-132.png" type="Texture" id=54]
[ext_resource path="res://assets/spritesheets/walk_down/walk_down-133.png" type="Texture" id=55]
[ext_resource path="res://assets/spritesheets/walk_down/walk_down-134.png" type="Texture" id=56]
[ext_resource path="res://assets/spritesheets/walk_down/walk_down-135.png" type="Texture" id=57]
[ext_resource path="res://assets/spritesheets/walk_down/walk_down-136.png" type="Texture" id=58]
[ext_resource path="res://assets/spritesheets/walk_down/walk_down-137.png" type="Texture" id=59]
[ext_resource path="res://assets/spritesheets/walk_down/walk_down-138.png" type="Texture" id=60]
[ext_resource path="res://assets/spritesheets/idle_right/idle_right-39.png" type="Texture" id=61]
[ext_resource path="res://assets/spritesheets/idle_right/idle_right-40.png" type="Texture" id=62]
[ext_resource path="res://assets/spritesheets/idle_right/idle_right-41.png" type="Texture" id=63]
[ext_resource path="res://assets/spritesheets/idle_right/idle_right-42.png" type="Texture" id=64]
[ext_resource path="res://assets/spritesheets/idle_right/idle_right-43.png" type="Texture" id=65]
[ext_resource path="res://assets/spritesheets/idle_right/idle_right-44.png" type="Texture" id=66]
[ext_resource path="res://assets/spritesheets/idle_right/idle_right-45.png" type="Texture" id=67]
[ext_resource path="res://assets/spritesheets/die/die-260.png" type="Texture" id=68]
[ext_resource path="res://assets/spritesheets/die/die-261.png" type="Texture" id=69]
[ext_resource path="res://assets/spritesheets/die/die-262.png" type="Texture" id=70]
[ext_resource path="res://assets/spritesheets/die/die-263.png" type="Texture" id=71]
[ext_resource path="res://assets/spritesheets/die/die-264.png" type="Texture" id=72]
[ext_resource path="res://assets/spritesheets/die/die-265.png" type="Texture" id=73]
[ext_resource path="res://assets/sounds/walking_tiptoe.wav" type="AudioStream" id=74]

[sub_resource type="SpriteFrames" id=1]
animations = [ {
"frames": [ ExtResource( 4 ), ExtResource( 5 ), ExtResource( 6 ), ExtResource( 7 ), ExtResource( 8 ), ExtResource( 9 ), ExtResource( 10 ), ExtResource( 11 ), ExtResource( 12 ) ],
"loop": true,
"name": "run_up",
"speed": 18.0
}, {
"frames": [ ExtResource( 4 ), ExtResource( 5 ), ExtResource( 6 ), ExtResource( 7 ), ExtResource( 8 ), ExtResource( 9 ), ExtResource( 10 ), ExtResource( 11 ), ExtResource( 12 ) ],
"loop": true,
"name": "walk_up",
"speed": 8.0
}, {
"frames": [ ExtResource( 13 ), ExtResource( 14 ), ExtResource( 15 ), ExtResource( 16 ), ExtResource( 17 ), ExtResource( 18 ), ExtResource( 19 ), ExtResource( 20 ), ExtResource( 21 ) ],
"loop": true,
"name": "walk_right",
"speed": 8.0
}, {
"frames": [ ExtResource( 22 ), ExtResource( 23 ), ExtResource( 24 ), ExtResource( 25 ), ExtResource( 26 ), ExtResource( 27 ), ExtResource( 28 ) ],
"loop": true,
"name": "idle_up",
"speed": 5.0
}, {
"frames": [ ExtResource( 29 ), ExtResource( 30 ), ExtResource( 31 ), ExtResource( 32 ), ExtResource( 33 ), ExtResource( 34 ), ExtResource( 35 ), ExtResource( 36 ), ExtResource( 37 ) ],
"loop": true,
"name": "tiptoe_left",
"speed": 3.0
}, {
"frames": [ ExtResource( 4 ), ExtResource( 5 ), ExtResource( 6 ), ExtResource( 7 ), ExtResource( 8 ), ExtResource( 9 ), ExtResource( 10 ), ExtResource( 11 ), ExtResource( 12 ) ],
"loop": true,
"name": "tiptoe_up",
"speed": 3.0
}, {
"frames": [ ExtResource( 38 ), ExtResource( 39 ), ExtResource( 40 ), ExtResource( 41 ), ExtResource( 42 ), ExtResource( 43 ), ExtResource( 44 ) ],
"loop": true,
"name": "idle_down",
"speed": 5.0
}, {
"frames": [ ExtResource( 45 ), ExtResource( 46 ), ExtResource( 47 ), ExtResource( 48 ), ExtResource( 49 ), ExtResource( 50 ), ExtResource( 51 ) ],
"loop": true,
"name": "idle_left",
"speed": 5.0
}, {
"frames": [ ExtResource( 52 ), ExtResource( 53 ), ExtResource( 54 ), ExtResource( 55 ), ExtResource( 56 ), ExtResource( 57 ), ExtResource( 58 ), ExtResource( 59 ), ExtResource( 60 ) ],
"loop": true,
"name": "run_down",
"speed": 18.0
}, {
"frames": [ ExtResource( 61 ), ExtResource( 62 ), ExtResource( 63 ), ExtResource( 64 ), ExtResource( 65 ), ExtResource( 66 ), ExtResource( 67 ) ],
"loop": true,
"name": "idle_right",
"speed": 5.0
}, {
"frames": [ ExtResource( 68 ), ExtResource( 69 ), ExtResource( 70 ), ExtResource( 71 ), ExtResource( 72 ), ExtResource( 73 ) ],
"loop": true,
"name": "die",
"speed": 3.0
}, {
"frames": [ ExtResource( 13 ), ExtResource( 14 ), ExtResource( 15 ), ExtResource( 16 ), ExtResource( 17 ), ExtResource( 18 ), ExtResource( 19 ), ExtResource( 20 ), ExtResource( 21 ) ],
"loop": true,
"name": "tiptoe_right",
"speed": 5.0
}, {
"frames": [ ExtResource( 52 ), ExtResource( 53 ), ExtResource( 54 ), ExtResource( 55 ), ExtResource( 56 ), ExtResource( 57 ), ExtResource( 58 ), ExtResource( 59 ), ExtResource( 60 ) ],
"loop": true,
"name": "tiptoe_down",
"speed": 3.0
}, {
"frames": [ ExtResource( 29 ), ExtResource( 30 ), ExtResource( 31 ), ExtResource( 32 ), ExtResource( 33 ), ExtResource( 34 ), ExtResource( 35 ), ExtResource( 36 ), ExtResource( 37 ) ],
"loop": true,
"name": "run_left",
"speed": 18.0
}, {
"frames": [ ExtResource( 29 ), ExtResource( 30 ), ExtResource( 31 ), ExtResource( 32 ), ExtResource( 33 ), ExtResource( 34 ), ExtResource( 35 ), ExtResource( 36 ), ExtResource( 37 ) ],
"loop": true,
"name": "walk_left",
"speed": 8.0
}, {
"frames": [ ExtResource( 52 ), ExtResource( 53 ), ExtResource( 54 ), ExtResource( 55 ), ExtResource( 56 ), ExtResource( 57 ), ExtResource( 58 ), ExtResource( 59 ), ExtResource( 60 ) ],
"loop": true,
"name": "walk_down",
"speed": 8.0
}, {
"frames": [ ExtResource( 13 ), ExtResource( 14 ), ExtResource( 15 ), ExtResource( 16 ), ExtResource( 17 ), ExtResource( 18 ), ExtResource( 19 ), ExtResource( 20 ), ExtResource( 21 ) ],
"loop": true,
"name": "run_right",
"speed": 18.0
} ]

[sub_resource type="CapsuleShape2D" id=2]
height = 24.0129

[node name="Player" type="KinematicBody2D"]
scale = Vector2( 2.25, 2.25 )
script = ExtResource( 1 )

[node name="Shadow" type="Sprite" parent="."]
modulate = Color( 0.550781, 0.549537, 0.471176, 0.33702 )
self_modulate = Color( 0.960938, 0.88516, 0.390381, 1 )
position = Vector2( 0.575175, 32.7847 )
scale = Vector2( 0.3, 0.3 )
texture = ExtResource( 2 )

[node name="DustCloud" parent="." instance=ExtResource( 3 )]
position = Vector2( 14, 25 )

[node name="AnimatedSprite" type="AnimatedSprite" parent="."]
frames = SubResource( 1 )
animation = "idle_left"
frame = 6
playing = true

[node name="CollisionShape2D" type="CollisionShape2D" parent="."]
position = Vector2( 0, 7 )
shape = SubResource( 2 )

[node name="Camera2D" type="Camera2D" parent="."]
current = true
smoothing_enabled = true
smoothing_speed = 15.0

[node name="KeyTimer" type="Timer" parent="."]
wait_time = 0.2
one_shot = true

[node name="WalkSounds" type="AudioStreamPlayer" parent="."]
stream = ExtResource( 74 )
volume_db = -10.0
[connection signal="timeout" from="KeyTimer" to="." method="_on_KeyTimer_timeout"]
